
@MISC{TRAFO_WIKI,
	HOWPUBLISHED = "\url{https://es.wikipedia.org/wiki/Transformador}",
	AUTHOR = "Wikipedia",
	TITLE = "Transformador",
	MONTH = "04",
	YEAR = "2021",
	URLDATE = {2021-05-07}
}

@MISC{TRAFO_2,
	HOWPUBLISHED = "\url{https://www.ingmecafenix.com/electronica/transformador-electrico/}",
	AUTHOR = "Ingeniería Mecafenix",
	TITLE = "¿Qué es un Transformador eléctrico y cómo funciona?",
	MONTH = "02",
	YEAR = "2018",
	URLDATE = {2021-05-07}
}

@MISC{TRAFO_APL,
	HOWPUBLISHED = "\url{http://patricioconcha.ubb.cl/transformadores/gral_tipos_y_aplicacioes.htm}",
	AUTHOR = "Ing. Patricio Concha Fuentes",
	TITLE = "Tipos y aplicaciones de transformadores",
	MONTH = "06",
	YEAR = "2003",
	URLDATE = {2021-05-07}
}

@MISC{TRAFO_VACIO,
	HOWPUBLISHED = "\url{http://instalacioneselectricasparatodos.blogspot.com/2016/12/ensayo-en-vacio.html}",
	TITLE = "Ensayo en vacío de un transformador",
	MONTH = "12",
	YEAR = "2016",
	URLDATE = {2021-05-07}
}

@MISC{TRAFO_CORTO,
	HOWPUBLISHED = "\url{http://instalacioneselectricasparatodos.blogspot.com/2016/12/ensayo-de-cortocircuito-de-un.html}",
	TITLE = "Ensayo de cortocircuito de un transformador",
	MONTH = "12",
	YEAR = "2016",
	URLDATE = {2021-05-07}
}

@MISC{TRAFO_AISL,
	HOWPUBLISHED = "\url{http://pruebasentranformadores.blogspot.com/2015/06/pruebas-de-aislamientos-de-un.html}",
	AUTHOR = "Anthony Alvarez",
	TITLE = "Pruebas de aislamiento y polaridad en un transformador",
	MONTH = "06",
	YEAR = "2015",
	URLDATE = {2021-05-07}
}

@MISC{MVCT,
   author =	{{Megger}},
   title =	{MVCT - Equipo de prueba de transformador de corriente y tensión},
   url =	{https://es.megger.com/products/medicion-transformadores/medicion-de-transformadores-de-corriente/mvct},
   note =	{Disponible: 2021-05-07},
}

@MISC{iCT1,
   author =	{{ALTANOVA GROUP}},
   title =	{ICT1 Equipo para pruebas de transformadores de corriente y tensión},
   url =	{https://www.altanova-group.com/es/products/off-line-tests/ict1},
   note =	{Disponible: 2021-05-07},
}

@MISC{ESP32,
   author =	{{Espressif Systems (Shanghai) Co., Ltd}},
   title =	{ESP32-DevKitC V4 Getting Started Guide},
   url =	{https://docs.espressif.com/projects/esp-idf/en/latest/esp32/hw-reference/esp32/get-started-devkitc.html},
   note =	{Disponible: 2021-05-07},
}

@MISC{WROOM,
   author =	{{Espressif Systems (Shanghai) Co., Ltd}},
   title =	{ESP32­WROOM­32E - ESP32­WROOM­32UE Datasheet},
   url =	{https://www.espressif.com/sites/default/files/documentation/esp32-wroom-32e_esp32-wroom-32ue_datasheet_en.pdf},
   note =	{Disponible: 2021-05-07},
}
 
@MISC{ESPIDF,
   author =	{{Espressif Systems (Shanghai) Co., Ltd}},
   title =	{Espressif IoT Development Framework},
   url =	{https://www.espressif.com/en/products/sdks/esp-idf#:~:text=ESP\%2DIDF\%20is\%20Espressif's\%20official,as\%20C\%20and\%20C\%2B\%2B},
   note =	{Disponible: 2021-05-07},
}

@MISC{ESPIDF:FreeRTOS,
   author =	{{Espressif Systems (Shanghai) Co., Ltd}},
   title =	{FreeRTOS},
   url =	{https://docs.espressif.com/projects/esp-idf/en/latest/esp32/api-reference/system/freertos.html},
   note =	{Disponible: 2021-05-07},
}

@MISC{ESPIDF:PER,
   author =	{{Espressif Systems (Shanghai) Co., Ltd}},
   title =	{Peripherals API},
   url =	{https://docs.espressif.com/projects/esp-idf/en/latest/esp32/api-reference/peripherals/index.html},
   note =	{Disponible: 2021-05-07},
}

@MISC{ESPIDF:WiFi,
   author =	{{Espressif Systems (Shanghai) Co., Ltd}},
   title =	{Wi-Fi},
   url =	{https://docs.espressif.com/projects/esp-idf/en/latest/esp32/api-reference/network/esp_wifi.html},
   note =	{Disponible: 2021-05-07},
}

@MISC{ESPIDF:bluetooth,
   author =	{{Espressif Systems (Shanghai) Co., Ltd}},
   title =	{Bluetooth API},
   url =	{https://docs.espressif.com/projects/esp-idf/en/latest/esp32/api-reference/bluetooth/index.html},
   note =	{Disponible: 2021-05-07},
}

@MISC{ESPIDF:PRO,
   author =	{{Espressif Systems (Shanghai) Co., Ltd}},
   title =	{Application Protocols},
   url =	{https://docs.espressif.com/projects/esp-idf/en/latest/esp32/api-reference/protocols/index.html},
   note =	{Disponible: 2021-05-07},
}

@MISC{ESPIDF:ECLIPSE,
   author =	{{Eclipse Foundation}},
   title =	{Eclipse},
   url =	{https://www.eclipse.org/},
   note =	{Disponible: 2021-05-07},
}

@MISC{ESPIDF:VC,
   author =	{{Microsoft Corporation}},
   title =	{Visual Studio Code},
   url =	{https://code.visualstudio.com/},
   note =	{Disponible: 2021-05-07},
}


@MISC{ESPIDF:CMake,
   author =	{{CMake}},
   title =	{CMake},
   url =	{https://cmake.org/},
   note =	{Disponible: 2021-05-07},
}

@MISC{ESPIDF:CMake_2,
   author =	{{Espressif Systems (Shanghai) Co., Ltd}},
   title =	{Build System (CMake)},
   url =	{https://docs.espressif.com/projects/esp-idf/en/v3.3/api-guides/build-system-cmake.html},
   note =	{Disponible: 2021-05-07},
}

@MISC{ESPTOUCH,
   author =	{{Espressif Systems (Shanghai) Co., Ltd}},
   title =	{ESP-Touch},
   url =	{https://www.espressif.com/en/products/software/esp-touch/overview},
   note =	{Disponible: 2021-05-07},
}

@MISC{SMARTCONFIG,
   author =	{{Espressif Systems (Shanghai) Co., Ltd}},
   title =	{SmartConfig},
   url =	{https://docs.espressif.com/projects/esp-idf/en/latest/esp32/api-reference/network/esp_smartconfig.html},
   note =	{Disponible: 2021-05-07},
}

@MISC{ZMPT101B_b,
   author =	{{Qingxian Zeming Langxi Electronic}},
   title =	{ZMPT101B precise voltage transformer},
   url =	{http://www.zeming-e.com/English/prodviewtype5-298.html},
   note =	{Disponible: 2021-05-07},
}

@MISC{LM358,
   author =	{{Texas Instruments}},
   title =	{LMx58-N Low-Power, Dual-Operational Amplifiers},
   url =	{https://www.ti.com/lit/ds/symlink/lm158-n.pdf},
   note =	{Disponible: 2021-05-07},
}

@MISC{ZMCT103C_b,
   author =	{{Qingxian Zeming Langxi Electronic}},
   title =	{ZMCT103C series current transformer},
   url =	{http://www.zeming-e.com/English/prodviewtype5-280.html},
   note =	{Disponible: 2021-05-07},
}

@MISC{printer_b,
   author =	{{Honeywell}},
   title =	{E-Class Mark III Desktop Barcode Printer},
   url =	{https://www.honeywellaidc.com/en-ae/products/printers/desktop/e-class-mark-iii},
   note =	{Disponible: 2021-05-07},
}

@MISC{DPL_man,
   author =	{{Datamax-O'Neil}},
   title =	{Class Series II - Programmer’s Manual},
   url =	{https://www.honeywellaidc.com/en-ae/-/media/en/files-public/technical-publications/printers/1common/cl2_88-2341-01_l.pdf},
   note =	{Disponible: 2021-05-07},
}

@MISC{MAX3232,
   author =	{{Texas Instruments}},
   title =	{MAX3232 3-V to 5.5-V Multichannel RS-232 Line Driver/Receiver},
   url =	{https://www.ti.com/lit/ds/symlink/max3232.pdf?ts=1619994386617&ref_url=https\%253A\%252F\%252Fwww.google.com\%252F},
   note =	{Disponible: 2021-05-07},
}

@MISC{HD44780,
   author =	{{HITACHI}},
   title =	{HD44780U Datasheet},
   url =	{https://pdf1.alldatasheet.com/datasheet-pdf/view/63673/HITACHI/HD44780/+435JWUEGSzDpKdlpzC.hv+/datasheet.pdf},
   note =	{Disponible: 2021-05-07},
}

@MISC{TL431,
   author =	{{Texas Instruments}},
   title =	{TL431 / TL432 Precision Programmable Reference},
   url =	{https://www.ti.com/lit/ds/symlink/tl431.pdf?ts=1620723088306&ref_url=https%253A%252F%252Fwww.google.com%252F},
   note =	{Disponible: 2021-05-07},
}

@MISC{INGSOFT,
   author =	{{Catedra Ingeniería de Software - CESE}},
   title =	{Ingeniería de Software - Arquitectura},
   url =	{https://campus.fi.uba.ar/pluginfile.php/384042/mod_resource/content/4/Tema%204%20-%20Arquitectura.pdf},
   note =	{Disponible: 2021-05-07},
}

@MISC{TP_CESE,
   author =	{{Ing. Cristian Trinidad}},
   title =	{Repositorio trabajo final CESE},
   url =	{https://github.com/ctrinidad-ghub/TP_CESE},
   note =	{Disponible: 2021-05-07},
}

@MISC{KICAD,
   author =	{{KiCad}},
   title =	{KiCad EDA},
   url =	{https://www.kicad.org/},
   note =	{Disponible: 2021-05-07},
}

@MISC{DOXYGEN,
   author =	{{Doxygen}},
   title =	{Doxygen},
   url =	{https://www.doxygen.nl/index.html},
   note =	{Disponible: 2021-05-07},
}

@MISC{ADC,
   author =	{{Espressif Systems (Shanghai) Co., Ltd}},
   title =	{Analog to Digital Converter},
   url =	{https://docs.espressif.com/projects/esp-idf/en/latest/esp32/api-reference/peripherals/adc.html},
   note =	{Disponible: 2021-05-07},
}

@MISC{I2S,
   author =	{{Espressif Systems (Shanghai) Co., Ltd}},
   title =	{Inter-IC Sound (I2S)},
   url =	{https://docs.espressif.com/projects/esp-idf/en/latest/esp32/api-reference/peripherals/i2s.html},
   note =	{Disponible: 2021-05-07},
}

@MISC{NVL,
   author =	{{Espressif Systems (Shanghai) Co., Ltd}},
   title =	{Non-volatile storage library},
   url =	{https://docs.espressif.com/projects/esp-idf/en/latest/esp32/api-reference/storage/nvs_flash.html},
   note =	{Disponible: 2021-05-07},
}

@MISC{EVENT,
   author =	{{Espressif Systems (Shanghai) Co., Ltd}},
   title =	{Event Loop Library},
   url =	{https://docs.espressif.com/projects/esp-idf/en/latest/esp32s2/api-reference/system/esp_event.html},
   note =	{Disponible: 2021-05-07},
}

@MISC{HTTPC,
   author =	{{Espressif Systems (Shanghai) Co., Ltd}},
   title =	{ESP HTTP Client},
   url =	{https://docs.espressif.com/projects/esp-idf/en/latest/esp32/api-reference/protocols/esp_http_client.html},
   note =	{Disponible: 2021-05-07},
}

@MISC{sAPI,
   author =	{{Eric Pernia}},
   title =	{API de la biblioteca sAPI},
   url =	{https://github.com/epernia/firmware_v3/blob/master/libs/sapi/documentation/api_reference_es.md},
   note =	{Disponible: 2021-05-07},
}

@MISC{STT,
   author =	{{Ing. Alejandro Permingeat}},
   title =	{Clase 5},
   url =	{https://campus.fi.uba.ar/pluginfile.php/335674/mod_resource/content/1/CESE2020-10co-TestingSoftware-Clase5-vs1.pdf},
   note =	{Disponible: 2021-05-07},
}

@MISC{MT1232,
   author =	{{Pro'sKit}},
   title =	{MT-1232 - 3 3/4 Autorange Digital Multimeter},
   url =	{https://www.prokits.com.tw/Product/MT-1232/},
   note =	{Disponible: 2021-05-19},
}

@MISC{VDS3102,
   author =	{{OWON}},
   title =	{OWON VDS Series PC Oscilloscope},
   url =	{https://www.owon.com.hk/products_owon_vds_series_pc_oscilloscope},
   note =	{Disponible: 2021-05-19},
}